@electronic{amcl,
 author   = "Brian P. Gerkey",
 title     = "ROS amcl",
 url       = "http://wiki.ros.org/amcl"
}
